% @book{Robert2007,
%   title={The {B}ayesian choice: from decision-theoretic foundations to computational implementation},
%   author={Robert, Christian},
%   year={2007},
%   publisher={Springer Science \& Business Media}
% }

@online{wikifutebol,
  author = {{História do Futebol no Brasil}},
  title = {História do Futebol no Brasil - {W}ikipedia{,} The Free Encyclopedia},
  url = {https://pt.wikipedia.org/wiki/História_do_futebol_do_Brasil},
  urldate = {2022-10-15}
}

@online{oeconomista,
  author = {{O economista}},
  title = {Futebol e economia sempre caminham lado a lado},
  url = {https://www.oeconomista.com.br/futebol-e-economia-caminham-lado-a-lado/},
  urldate = {2022-10-15}
}

@online{gaz,
  author = {Garcia, Pedro},
  title = {Apostas esportivas online movimentam R\$ 4 bilhões por ano no Brasil},
  url = {https://www.gaz.com.br/apostas-esportivas-online-movimentam-r-4-bilhoes-por-ano-no-brasil/},
  urldate = {2022-10-15}
}

@online{cbf,
  author = {CBF},
  title = {Confederação Brasileira de Futebol},
  url = {https://www.cbf.com.br},
  urldate = {2022-10-17}
}

@online{gvr,
  author = {GVR},
  title = {Sports Betting Market Size, Share \& Trends Analysis By Platform, By Type, By Sports Type (Football, Basketball, Baseball, Horse Racing, Cricket, Hockey, Others), By Region, And Segment Forecasts, 2022 - 2030},
  url = {https://www.grandviewresearch.com/industry-analysis/sports-betting-market-report},
  urldate = {2022-10-17}
}

@misc{bernardo,
  author = {Ferreira, Bernardo Russo Guedes},
  title = {Previsão de resultados de tênis},
  url = {https://hdl.handle.net/10438/27857},
  institution = {FGV},
  year = {2018}
}

@article{beaudoin,
  author = {Beaudoin, David and Swartz, Tim},
  year = {2010},
  month = {08},
  pages = {197-204},
  title = {Strategies for Pulling the Goalie in Hockey},
  volume = {64},
  journal = {The American Statistician},
  doi = {10.1198/tast.2010.09147}
}

@misc{eric,
  author = {Jones, Eric Scot},
  title = {PREDICTING OUTCOMES OF NBA BASKETBALL GAMES},
  url = {https://library.ndsu.edu/ir/bitstream/handle/10365/28084/Predicting\%20Outcomes\%20of\%20NBA\%20Basketball\%20Games.pdf?sequence=1&isAllowed=y},
  institution = {North Dakota State University},
  year = {2016}
}

@article{wolf,
  author = {Wolf, Stephan and Schmitt, Maximilian and Schuller, Bjorn},
  year = {2020},
  pages = {243-257},
  title = {A football player rating system},
  journal = {Journal of Sports Analytics},
  doi = {10.3233/JSA-200411}
}

@article{karlis2003,
  ISSN = {00390526, 14679884},
  URL = {http://www.jstor.org/stable/4128211},
  author = {Dimitris Karlis and Ioannis Ntzoufras},
  journal = {Journal of the Royal Statistical Society. Series D (The Statistician)},
  number = {3},
  pages = {381-393},
  publisher = {[Royal Statistical Society, Wiley]},
  title = {Analysis of Sports Data by Using Bivariate Poisson Models},
  urldate = {2022-10-18},
  volume = {52},
  year = {2003}
}

@article{lee,
author = {Lee, Alan},
year = {2012},
month = {09},
pages = {15-19},
title = {Modeling Scores in the Premier League: Is Manchester United Really the Best?},
volume = {10},
journal = {CHANCE},
doi = {10.1080/09332480.1997.10554791}
}

@article{karlis2000,
  author = {Dimitris Karlis and Ioannis Ntzoufras},
  journal = {Student},
  number = {4},
  pages = {229-244},
  title = {On modeling soccer data},
  volume = {3},
  year = {2000}
}

@misc{joao,
  author = {Santos, João Marcos Amorim dos},
  title = {Previsões de resultados em partidas do campeonato brasileiro de futebol},
  url = {https://hdl.handle.net/10438/27672},
  institution = {FGV},
  year = {2019}
}

@misc{luiz,
  author = {Maia, Luiz Fernando Guilhem Nassif},
  title = {Modelos in-play para partidas do Campeonato Brasileiro de Futebol},
  url = {https://hdl.handle.net/10438/31404},
  institution = {FGV},
  year = {2021}
}

@online{gof,
  author = {NIST/SEMATECH},
  title = {e-Handbook of Statistical Methods},
  year = {2012},
  url = {https://www.itl.nist.gov/div898/handbook/eda/section3/eda35f.htm},
  urldate = {2022-10-20}
}

@online{transfermarkt,
  title = {TransferMarkt},
  url = {https://www.transfermarkt.com.br/},
  urldate = {2022-11-16}
}

@misc{stan,
title = {{The Stan Core Library}},
author = {{Stan Development Team}},
note = {Version 2.18.0},
year = {2018},
url = {http://mc-stan.org/ 9},
}

% @book{requests,
%   title = {Python requests essentials},
%   author = {Chandra, Rakesh Vidya and Varanasi, Bala Subrahmanyam},
%   year = {2015},
%   publisher = {Packt Publishing Ltd}
% }

% @book{pypdf2,
%   title = {PyPDF2},
%   author = {Fenniak, Mathieu},
%   year = {2005}
% }


